<?xml version="1.0" encoding="UTF-8"?><record xmlns="http://www.loc.gov/MARC21/slim" xmlns:cinclude="http://apache.org/cocoon/include/1.0" xmlns:zs="http://www.loc.gov/zing/srw/">
  <leader>00426cz  a2200133n  4500</leader>
  <controlfield tag="001">n  86148574 </controlfield>
  <controlfield tag="003">DLC</controlfield>
  <controlfield tag="005">20080427080058.0</controlfield>
  <controlfield tag="008">861106n| acannaabn          |n aaa      </controlfield>
  <datafield tag="010" ind1=" " ind2=" ">
    <subfield code="a">n  86148574 </subfield>
  </datafield>
  <datafield tag="035" ind1=" " ind2=" ">
    <subfield code="a">(OCoLC)oca01745637</subfield>
  </datafield>
  <datafield tag="040" ind1=" " ind2=" ">
    <subfield code="a">DNLM</subfield>
    <subfield code="b">eng</subfield>
    <subfield code="c">DLC</subfield>
    <subfield code="d">OCoLC</subfield>
  </datafield>
  <datafield tag="100" ind1="1" ind2=" ">
    <subfield code="a">Hitch, Melanie</subfield>
  </datafield>
  <datafield tag="670" ind1=" " ind2=" ">
    <subfield code="a">Total hip relpacement [VR] c1986:</subfield>
    <subfield code="b">credit frame (Melanie Hitch, R.N., M.S., Long Term Care, Onandaga Home Care, Syracuse, N.Y.)</subfield>
  </datafield>
</record>